@inproceedings{hong2007accelerating,
  title={Accelerating service discovery in ad-hoc zero configuration networking},
  author={Hong, Se Gi and Srinivasan, Suman and Schulzrinne, Henning},
  booktitle={Global Telecommunications Conference, 2007. GLOBECOM'07. IEEE},
  pages={961--965},
  year={2007},
  organization={IEEE}
}

@inproceedings{stolikj2016context,
	title={Context based service discovery in unmanaged networks using mDNS/DNS-SD},
	author={Stolikj, Milosh and Cuijpers, Pieter JL and Lukkien, Johan J and Buchina, Nina},
	booktitle={Consumer Electronics (ICCE), 2016 IEEE International Conference on},
	pages={163--165},
	year={2016},
	organization={IEEE}
}

@techreport{cheshire2013multicast,
	title={Multicast dns},
	author={Cheshire, Stuart and Krochmal, Marc},
	year={2013}
}